<record><leader>00000cas a2200000 a 4500</leader><controlfield tag="001">71153912</controlfield><controlfield tag="006">m     o  d        </controlfield><controlfield tag="007">cr anu||||||||</controlfield><controlfield tag="008">060825d18271830pauwr nso     0    0eng c</controlfield><datafield ind1=" " ind2=" " tag="010"><subfield code="a">  2008233278</subfield></datafield><datafield ind1=" " ind2=" " tag="040"><subfield code="a">APSON</subfield><subfield code="b">eng</subfield><subfield code="c">APSON</subfield><subfield code="d">APSON</subfield><subfield code="d">GUA</subfield><subfield code="d">OCLCQ</subfield><subfield code="d">OCLCE</subfield><subfield code="d">OCLCO</subfield><subfield code="d">OCLCA</subfield><subfield code="d">OCLCF</subfield><subfield code="d">OCLCQ</subfield><subfield code="d">RCE</subfield><subfield code="d">OCL</subfield></datafield><datafield ind1=" " ind2=" " tag="019"><subfield code="a">820751232</subfield><subfield code="a">855983455</subfield></datafield><datafield ind1=" " ind2=" " tag="042"><subfield code="a">pcc</subfield></datafield><datafield ind1=" " ind2=" " tag="043"><subfield code="a">n-us-pa</subfield></datafield><datafield ind1="1" ind2="4" tag="050"><subfield code="a">AP2</subfield></datafield><datafield ind1="0" ind2=" " tag="130"><subfield code="a">Philadelphia album, and ladies' literary gazette (Online)</subfield></datafield><datafield ind1="1" ind2="0" tag="245"><subfield code="a">Philadelphia album, and ladies' literary gazette.</subfield></datafield><datafield ind1="1" ind2="3" tag="246"><subfield code="a">Philadelphia album</subfield></datafield><datafield ind1="3" ind2=" " tag="246"><subfield code="a">Ladies' literary gazette</subfield></datafield><datafield ind1=" " ind2=" " tag="260"><subfield code="a">Philadelphia :</subfield><subfield code="b">Thomas C. Clarke,</subfield><subfield code="c">1827-1830.</subfield></datafield><datafield ind1=" " ind2=" " tag="310"><subfield code="a">Weekly</subfield></datafield><datafield ind1=" " ind2=" " tag="336"><subfield code="a">text</subfield><subfield code="b">txt</subfield><subfield code="2">rdacontent</subfield></datafield><datafield ind1=" " ind2=" " tag="337"><subfield code="a">computer</subfield><subfield code="b">c</subfield><subfield code="2">rdamedia</subfield></datafield><datafield ind1=" " ind2=" " tag="338"><subfield code="a">online resource</subfield><subfield code="b">cr</subfield><subfield code="2">rdacarrier</subfield></datafield><datafield ind1="0" ind2=" " tag="362"><subfield code="a">Vol. 2, no. 1 (June 6, 1827)-v. 4, no. 27 (July 3, 1830).</subfield></datafield><datafield ind1=" " ind2=" " tag="500"><subfield code="a">Title from pdf caption (ProQuest APS Online, viewed Mar. 7, 2007).</subfield></datafield><datafield ind1=" " ind2=" " tag="515"><subfield code="a">Volume numbering irregular. On Jan. 2, 1830, v. 4 was recommenced on account of irregularity in previous issues of the 4th vol. 9 numbers had already been issued.</subfield></datafield><datafield ind1=" " ind2=" " tag="530"><subfield code="a">Also issued in print and on microfilm.</subfield></datafield><datafield ind1=" " ind2=" " tag="538"><subfield code="a">Mode of access: World Wide Web.</subfield></datafield><datafield ind1=" " ind2=" " tag="550"><subfield code="a">Imprint varies: published later by Jesper Harding.</subfield></datafield><datafield ind1=" " ind2="0" tag="651"><subfield code="a">Philadelphia (Pa.)</subfield><subfield code="v">Newspapers.</subfield></datafield><datafield ind1=" " ind2="0" tag="651"><subfield code="a">Philadelphia County (Pa.)</subfield><subfield code="v">Newspapers.</subfield></datafield><datafield ind1=" " ind2="7" tag="651"><subfield code="a">Pennsylvania</subfield><subfield code="z">Philadelphia.</subfield><subfield code="2">fast</subfield><subfield code="0">(OCoLC)fst01204170</subfield></datafield><datafield ind1=" " ind2="7" tag="651"><subfield code="a">Pennsylvania</subfield><subfield code="z">Philadelphia County.</subfield><subfield code="2">fast</subfield><subfield code="0">(OCoLC)fst01217128</subfield></datafield><datafield ind1=" " ind2="7" tag="655"><subfield code="a">Periodicals.</subfield><subfield code="2">fast</subfield><subfield code="0">(OCoLC)fst01411641</subfield></datafield><datafield ind1=" " ind2="7" tag="655"><subfield code="a">Newspapers.</subfield><subfield code="2">fast</subfield><subfield code="0">(OCoLC)fst01423814</subfield></datafield><datafield ind1=" " ind2="7" tag="655"><subfield code="a">Electronic journals.</subfield><subfield code="2">lcgft</subfield></datafield><datafield ind1=" " ind2=" " tag="752"><subfield code="a">United States</subfield><subfield code="b">Pennsylvania</subfield><subfield code="c">Philadelphia</subfield><subfield code="d">Philadelphia.</subfield></datafield><datafield ind1="1" ind2=" " tag="776"><subfield code="t">Philadelphia album and ladies' literary gazette</subfield><subfield code="w">(DLC)sn 91063205</subfield><subfield code="w">(OCoLC)7794485</subfield></datafield><datafield ind1="0" ind2="0" tag="780"><subfield code="t">Album, and ladies' weekly gazette (Online)</subfield><subfield code="w">(DLC)  2008233277</subfield><subfield code="w">(OCoLC)71153665</subfield></datafield><datafield ind1="0" ind2="0" tag="785"><subfield code="t">Philadelphia album and ladies' literary port folio (Online)</subfield><subfield code="w">(DLC)  2008233279</subfield><subfield code="w">(OCoLC)71232245</subfield></datafield><datafield ind1="4" ind2="0" tag="856"><subfield code="3">Google</subfield><subfield code="u">http://books.google.com/books?id=C1o2AQAAMAAJ</subfield></datafield><datafield ind1="4" ind2="0" tag="856"><subfield code="3">Google</subfield><subfield code="u">http://books.google.com/books?id=3-M6AQAAMAAJ</subfield></datafield><datafield ind1="4" ind2="0" tag="856"><subfield code="3">HathiTrust Digital Library, Full view</subfield><subfield code="u">http://catalog.hathitrust.org/api/volumes/oclc/7794485.html</subfield></datafield><datafield ind1="4" ind2="0" tag="856"><subfield code="u">http://proquest.umi.com/pdqweb</subfield></datafield></record>